<?xml version="1.0" encoding="UTF-8"?><collection xmlns="http://www.loc.gov/MARC21/slim"><record><leader>00353nam--2200121-i-4500</leader><controlfield tag="001">000033396</controlfield><controlfield tag="002">20161230</controlfield><controlfield tag="005">20161230201039</controlfield><controlfield tag="008">060222s1000------------r-----000-0-eng-d</controlfield><datafield ind1=" " ind2=" " tag="080"><subfield code="a">550.34</subfield></datafield><datafield ind1=" " ind2=" " tag="245"><subfield code="a">Mouvements sismiques en roumanie pendant la periode 1907-1909</subfield></datafield><datafield ind1=" " ind2=" " tag="260"><subfield code="a">Bucarest, Observatoire Astronomique Et Meteorologique, 1910, 21p</subfield></datafield><datafield ind1=" " ind2=" " tag="852"><subfield code="a">48165</subfield></datafield></record></collection>